@article{jackson2014,
		title = {The Audibility of Typical Digital Audio Filters in a High-Fidelity Playback System},
		author = {Jackson, Helen M. and Capp, Michael D. and Stuart, J. Robert},
		booktitle = {Audio Engineering Society Convention 137},
		month = {Oct},
		year = {2014},
		url = {http://www.aes.org/e-lib/browse.cfm?elib=17497}
}


@patent{AES48khz,
	author = {Audio Engineering Society},
	title = {AES recommended practice for professional digital audio Preferred sampling frequencies for applications employing pulse-code modulation},
	year = {2018},
	url = {http://www.aes.org/tmpFiles/aessc/20190331/aes05-2018-i.pdf}
}

@online{digikeyCodec,
	author={Digi-Key Electronics},
	title={ADAU1961WBCPZ-RL-ND}, 
	journal={ADAU1961 WBCPZ-RL-ND Product detail},
	url={https://www.digikey.com/product-detail/en/analog-devices-inc/ADAU1961WBCPZ-RL/ADAU1961WBCPZ-RL-ND/2606643},
	urldate={2019-03-31}
}

@misc{blackfinDSP,
	title={Datasheet: Blackfin Embedded Processor ADSP-BF592},
	url={https://www.analog.com/media/en/technical-documentation/data-sheets/ADSP-BF592.pdf}, 
	author={Analog Devices},
	year={2013},
	month={Jul},
	urldate={2019-03-31}
}

@misc{codec_datasheet,
	author={Analog Devices},
	title={Datasheet: Stereo, Low Power, 96 kHz, 24-Bit Audio Codec with Integrated PLL ADAU1961},
	url={https://www.analog.com/media/en/technical-documentation/data-sheets/ADAU1961.pdf},
	urldata={31-03-2019}
}


